<?xml version="1.0" encoding="UTF-8"?><collection xmlns="http://www.loc.gov/MARC21/slim"><record><leader>00390nam--2200121-i-4500</leader><controlfield tag="001">000049292</controlfield><controlfield tag="002">20161230</controlfield><controlfield tag="005">20161230201047</controlfield><controlfield tag="008">060222s1000------------r-----000-0-eng-d</controlfield><datafield ind1=" " ind2=" " tag="100"><subfield code="a">Passler, Michel</subfield></datafield><datafield ind1=" " ind2=" " tag="245"><subfield code="a">Uber die bindung von monochlortriazinfarbstoffen an cellulose. infrarotspektroscopischer nachweis. (dissert.)</subfield></datafield><datafield ind1=" " ind2=" " tag="260"><subfield code="a">Sttutgart, Technische Hochschule, 1961, 134p</subfield></datafield><datafield ind1=" " ind2=" " tag="852"><subfield code="a">17749</subfield></datafield></record></collection>